@online{CAPE2024Statistics,
  title = {Statistics on the number of applicants for music subjects over the years},
  author = {C.A.P.E},
  year = {2024},
  url = {https://www.cape.edu.tw/statistics/},
  urldate = {2024-05-07}
}

@online{2020PianoAccompanistHourlySalary,
  title = {鋼琴伴奏月薪？一小時賺多少？到底都在做什麼？},
  author = {我是江老師},
  year = {2020},
  url = {https://youtu.be/8MBaTBXLzEw?t=100},
  urldate = {2024-05-07}
}

@online{ISMIR2024InternationalSociety,
  title = {International Society for Music Information Retrieval},
  author = {ISMIR},
  year = {2024},
  url = {https://ismir.net/},
  urldate = {2024-05-06}
}

@misc{Yuki_Mitsufuji2021MusicDemixing,
  title="{Music Demixing Challenge 2021}",
  author={Yuki Mitsufuji and Giorgio Fabbro and Stefan Uhlich and Fabian-Robert Stöter},
  year={2021},
  eprint={2108.13559},
  archivePrefix={arXiv},
  primaryClass={eess.AS}
}

@article{Fabbro_Giorgio2023TheSoundDemixing,
       author = {{Fabbro}, Giorgio and {Uhlich}, Stefan and {Lai}, Chieh-Hsin and {Choi}, Woosung and {Mart{\'\i}nez-Ram{\'\i}rez}, Marco and {Liao}, Weihsiang and {Gadelha}, Igor and {Ramos}, Geraldo and {Hsu}, Eddie and {Rodrigues}, Hugo and {St{\"o}ter}, Fabian-Robert and {D{\'e}fossez}, Alexandre and {Luo}, Yi and {Yu}, Jianwei and {Chakraborty}, Dipam and {Mohanty}, Sharada and {Solovyev}, Roman and {Stempkovskiy}, Alexander and {Habruseva}, Tatiana and {Goswami}, Nabarun and {Harada}, Tatsuya and {Kim}, Minseok and {Lee}, Jun Hyung and {Dong}, Yuanliang and {Zhang}, Xinran and {Liu}, Jiafeng and {Mitsufuji}, Yuki},
        title = "{The Sound Demixing Challenge 2023 Music Demixing Track}",
      journal = {arXiv e-prints},
     keywords = {Electrical Engineering and Systems Science - Audio and Speech Processing, Computer Science - Sound},
         year = 2023,
        month = aug,
          eid = {arXiv:2308.06979},
        pages = {arXiv:2308.06979},
          doi = {10.48550/arXiv.2308.06979},
archivePrefix = {arXiv},
       eprint = {2308.06979},
 primaryClass = {eess.AS},
       adsurl = {https://ui.adsabs.harvard.edu/abs/2023arXiv230806979F},
      adsnote = {Provided by the SAO/NASA Astrophysics Data System}
}

@article{Luo_Yi2022MusicSourceSeparation,
       author = {{Luo}, Yi and {Yu}, Jianwei},
        title = "{Music Source Separation with Band-split RNN}",
      journal = {arXiv e-prints},
     keywords = {Electrical Engineering and Systems Science - Audio and Speech Processing, Computer Science - Machine Learning, Computer Science - Sound, Electrical Engineering and Systems Science - Signal Processing},
         year = 2022,
        month = sep,
          eid = {arXiv:2209.15174},
        pages = {arXiv:2209.15174},
          doi = {10.48550/arXiv.2209.15174},
archivePrefix = {arXiv},
       eprint = {2209.15174},
 primaryClass = {eess.AS},
       adsurl = {https://ui.adsabs.harvard.edu/abs/2022arXiv220915174L},
      adsnote = {Provided by the SAO/NASA Astrophysics Data System}
}

@article{Chiu_ChingYu2020MixingSpecific,
       author = {{Chiu}, Ching-Yu and {Hsiao}, Wen-Yi and {Yeh}, Yin-Cheng and {Yang}, Yi-Hsuan and {Wen-Yu Su}, Alvin},
        title = "{Mixing-Specific Data Augmentation Techniques for Improved Blind Violin/Piano Source Separation}",
      journal = {arXiv e-prints},
     keywords = {Electrical Engineering and Systems Science - Audio and Speech Processing, Computer Science - Machine Learning, Computer Science - Sound},
         year = 2020,
        month = aug,
          eid = {arXiv:2008.02480},
        pages = {arXiv:2008.02480},
          doi = {10.48550/arXiv.2008.02480},
archivePrefix = {arXiv},
       eprint = {2008.02480},
 primaryClass = {eess.AS},
       adsurl = {https://ui.adsabs.harvard.edu/abs/2020arXiv200802480C},
      adsnote = {Provided by the SAO/NASA Astrophysics Data System}
}

@article{FabianRobert_Stöter2019OpenUnmix, 
	  doi = {10.21105/joss.01667}, 
	  url = {https://doi.org/10.21105/joss.01667}, 
	 year = {2019}, 
publisher = {The Open Journal}, 
   volume = {4}, 
   number = {41}, 
	pages = {1667}, 
   author = {Fabian-Robert Stöter and Stefan Uhlich and Antoine Liutkus and Yuki Mitsufuji}, 
    title = {Open-Unmix - A Reference Implementation for Music Source Separation}, 
  journal = {Journal of Open Source Software} 
}

@article{Senin2008Dynamic,
  title={Dynamic time warping algorithm review},
  author={Senin, Pavel},
  journal={Information and Computer Science Department University of Hawaii at Manoa Honolulu, USA},
  volume={855},
  number={1-23},
  pages={40},
  year={2008}
}

@misc{Dong_HaoWen2021Bach,
  author    = "Dong, Hao-Wen and Zhou, Cong and Berg-Kirkpatrick, Taylor and
               McAuley, Julian",
  title     = "Bach Violin Dataset",
  publisher = "Zenodo",
  year      =  2021
}

@misc{Muneratti_Ortega2021Expressive,
  title     = "Expressive Solo Violin",
  author    = "Muneratti Ortega, F{\'a}bio Jos{\'e}",
  publisher = "Zenodo",
  year      =  2021
}

@inproceedings{Thickstun2017Learning,
    title={Learning Features of Music from Scratch},
    author = {John Thickstun and Zaid Harchaoui and Sham M. Kakade},
    year={2017},
    booktitle = {International Conference on Learning Representations (ICLR)}
}

@inproceedings{Thickstun2018Invariances,
    title={Invariances and Data Augmentation for Supervised Music Transcription},
    author = {John Thickstun and Zaid Harchaoui and Dean P. Foster and Sham M. Kakade},
    year={2018},
    booktitle = {International Conference on Acoustics, Speech, and Signal Processing (ICASSP)}
}

@inproceedings{Bittner2014MedleyDB,
    author = {Bittner, Rachel and Salamon, Justin and Tierney, Mike and Mauch, Matthias and Cannam, Chris and Bello, Juan},
    year = {2014},
    month = {10},
    pages = {},
    title = {MedleyDB: A Multitrack Dataset for Annotation-Intensive MIR Research},
    journal = {Proceedings - 15th International Society for Music Information Retrieval Conference (ISMIR 2014)}
}